<record><leader>00000cas a22000007a 4500</leader><controlfield tag="001">12156227</controlfield><controlfield tag="008">850614d18581876tnuwr ne      0    0ger d</controlfield><datafield ind1=" " ind2=" " tag="010"><subfield code="a">sn 85033671 </subfield></datafield><datafield ind1=" " ind2=" " tag="040"><subfield code="a">NPU</subfield><subfield code="b">eng</subfield><subfield code="c">NPU</subfield><subfield code="d">YOX</subfield><subfield code="d">OCL</subfield><subfield code="d">KRTAS</subfield><subfield code="d">OCLCQ</subfield><subfield code="d">OCLCF</subfield><subfield code="d">OCLCO</subfield></datafield><datafield ind1=" " ind2=" " tag="042"><subfield code="a">msc</subfield></datafield><datafield ind1=" " ind2=" " tag="043"><subfield code="a">n-us-tn</subfield></datafield><datafield ind1="0" ind2=" " tag="130"><subfield code="a">Anzeiger des Sudens (Memphis, Tenn.)</subfield></datafield><datafield ind1="1" ind2="4" tag="245"><subfield code="a">Der Anzeiger des Su&#776;dens =</subfield><subfield code="b">Memphis southern advertiser.</subfield></datafield><datafield ind1="3" ind2="1" tag="246"><subfield code="a">Memphis southern advertiser</subfield></datafield><datafield ind1=" " ind2=" " tag="260"><subfield code="a">Memphis, Tenn. :</subfield><subfield code="b">Louis Wundermann</subfield></datafield><datafield ind1=" " ind2=" " tag="300"><subfield code="a">v. ;</subfield><subfield code="c">70 cm.</subfield></datafield><datafield ind1=" " ind2=" " tag="310"><subfield code="a">Weekly</subfield></datafield><datafield ind1="1" ind2=" " tag="362"><subfield code="a">Began Apr. 15, 1858; ceased Jan. 1? 1876.</subfield><subfield code="z">Cf. Vedder, O.F., Hist. of the city of Memphis, 1888.</subfield></datafield><datafield ind1=" " ind2=" " tag="546"><subfield code="a">In German.</subfield></datafield><datafield ind1=" " ind2=" " tag="588"><subfield code="a">Description based on: Jahrg. 15, no. 52 (Apr. 26, 1873).</subfield></datafield><datafield ind1=" " ind2="0" tag="650"><subfield code="a">Germans</subfield><subfield code="z">Tennessee</subfield><subfield code="v">Newspapers.</subfield></datafield><datafield ind1=" " ind2="0" tag="650"><subfield code="a">German Americans</subfield><subfield code="z">Tennessee</subfield><subfield code="v">Newspapers.</subfield></datafield><datafield ind1=" " ind2="0" tag="651"><subfield code="a">Memphis (Tenn.)</subfield><subfield code="v">Newspapers.</subfield></datafield><datafield ind1=" " ind2="7" tag="655"><subfield code="a">Newspapers.</subfield><subfield code="2">fast</subfield><subfield code="0">(OCoLC)fst01423814</subfield></datafield><datafield ind1=" " ind2="7" tag="650"><subfield code="a">German Americans.</subfield><subfield code="2">fast</subfield><subfield code="0">(OCoLC)fst00941308</subfield></datafield><datafield ind1=" " ind2="7" tag="650"><subfield code="a">Germans.</subfield><subfield code="2">fast</subfield><subfield code="0">(OCoLC)fst00942100</subfield></datafield><datafield ind1=" " ind2="7" tag="651"><subfield code="a">Tennessee.</subfield><subfield code="2">fast</subfield><subfield code="0">(OCoLC)fst01205353</subfield></datafield><datafield ind1=" " ind2="7" tag="651"><subfield code="a">Tennessee</subfield><subfield code="z">Memphis.</subfield><subfield code="2">fast</subfield><subfield code="0">(OCoLC)fst01204194</subfield></datafield><datafield ind1=" " ind2=" " tag="752"><subfield code="a">United States</subfield><subfield code="b">Tennessee</subfield><subfield code="c">Shelby</subfield><subfield code="d">Memphis.</subfield></datafield><datafield ind1=" " ind2=" " tag="938"><subfield code="a">Kirtas Technologies, Inc.</subfield><subfield code="b">KRTS</subfield><subfield code="n">739251</subfield></datafield></record>